
@article{ carmelo,
  author = "Carmelo Piccion, Martin Zinkevich, Michael Johanson, Michael Bowling",
  title = "Regret Minimization in Games with Incomplete Information",
  journal = "Cognitive Science",
  volume = "9",
  number = "2",
  pages = "171--216",
  month = "April--June",
  year = "NA"
}